@article{walker2000screen,
    title={Screen design for children’s reading: some key issues},
    author={Walker, Sue and Reynolds, Linda},
    journal={Journal of Research in Reading},
    volume={23},
    number={2},
    pages={224--234},
    year={2000},
    publisher={Wiley Online Library}
}

@article{liu2005reading,
    title={Reading behavior in the digital environment: Changes in reading behavior over the past ten years},
    author={Liu, Ziming},
    journal={Journal of documentation},
    volume={61},
    number={6},
    pages={700--712},
    year={2005},
    publisher={Emerald Group Publishing Limited}
}

@article{kerawalla2006making,
    title={“Making it real”: exploring the potential of augmented reality for teaching primary school science},
    author={Kerawalla, Lucinda and Luckin, Rosemary and Seljeflot, Simon and Woolard, Adrian},
    journal={Virtual reality},
    volume={10},
    number={3-4},
    pages={163--174},
    year={2006},
    publisher={Springer}
}

@inproceedings{gossen2012search,
    title={Search User Interface Design for Children: Challenges and Solutions.},
    author={Gossen, Tatiana and Nitsche, Marcus and N{\"u}rnberger, Andreas},
    booktitle={EuroHCIR},
    pages={59--62},
    year={2012}
}

@article{sharmin2012effect,
    title={The effect of different text presentation formats on eye movement metrics in reading},
    author={Sharmin, Selina and {\v{S}}pakov, Oleg and R{\"a}ih{\"a}, Kari-Jouko},
    journal={Journal of Eye Movement Research},
    volume={5},
    number={3},
    year={2012}
}

@inproceedings{engen2014ipads,
    title={iPads in Context: Interaction Design for Schools},
    author={Engen, B{\aa}rd Ketil and Gi{\ae}ver, Tonje Hilde and Mifsud, Louise},
    booktitle={Society for Information Technology \& Teacher Education International Conference},
    pages={1633--1640},
    year={2014},
    organization={Association for the Advancement of Computing in Education (AACE)}
}

@article{alhussayen2015evaluating,
    title={Evaluating the user experience of playful interactive learning interfaces with children},
    author={Alhussayen, Asma and Alrashed, Weaam and Mansor, Evi Indriasari},
    journal={Procedia Manufacturing},
    volume={3},
    pages={2318--2324},
    year={2015},
    publisher={Elsevier}
}

@article{boyd2015evaluating,
    title={Evaluating iPad technology for enhancing communication skills of children with Autism Spectrum Disorders},
    author={Boyd, Tara K and Hart Barnett, Juliet E and More, Cori M},
    journal={Intervention in School and Clinic},
    volume={51},
    number={1},
    pages={19--27},
    year={2015},
    publisher={Sage Publications Sage CA: Los Angeles, CA}
}

@article{gan2015enhancing,
    title={Enhancing students’ learning process through interactive digital media: New opportunities for collaborative learning},
    author={Gan, Benjamin and Menkhoff, Thomas and Smith, Richard},
    journal={Computers in Human Behavior},
    volume={51},
    pages={652--663},
    year={2015},
    publisher={Elsevier}
}

@article{saidin2015review,
    title={A review of research on augmented reality in education: advantages and applications},
    author={Saidin, Nor Farhah and Halim, Noor Dayana Abd and Yahaya, Noraffandy},
    journal={International education studies},
    volume={8},
    number={13},
    pages={1--8},
    year={2015},
    publisher={Citeseer}
}

@article{lozano2016dedigitalizing,
    title={Digitalizing Real Environments to Improve Learning},
    author={de la Gu{\'i}a, Elena and Lozano, Mar{\'i}a D. and Penichet, V{\'i}ctor and L{\'o}pez, Vicente and Orozco, Luis and Brea, V{\'i}ctor},
    year={2016}
}

@inproceedings{nouri2016teaching,
    title={When teaching practices meet tablets’ affordances. Insights on the materiality of learning},
    author={Nouri, Jalal and Pargman, Teresa Cerratto},
    booktitle={European Conference on Technology Enhanced Learning},
    pages={179--192},
    year={2016},
    organization={Springer}
}

@article{adattil2018effects,
    title={Effects of Typographical Factors in Online Reading},
    author={Adattil, Hafsath and others},
    journal={KLA Journal of Information Science \& Technology},
    pages={1--13},
    year={2018}
}